@book{book:1,
   title =     {Nonlinear Dynamics and Chaos: With Applications to Physics, Biology, Chemistry, and Engineering},
   author =    {Steven H. Strogatz},
   publisher = {Westview Press;CRC Press},
   year =      {2018},
   series =    {},
   edition =   {Second edition},
   volume =    {},
}
@book{book:2,
   title =     {Nonlinear Dynamics in Complex Systems: Theory and Applications for the Life, Neuro and Natural Sciences},
   author =    {Armin Fuchss},
   publisher = {Springer-Verlag Berlin Heidelberg},
   year =      {2013},
   series =    {},
   edition =   {1},
   volume =    {},
}
@book{book:3,
   title =     {Dynamical Systems with Applications using Python},
   author =    {Stephen Lynch},
   publisher = {Springer International Publishing;Birkh√§user},
   year =      {2018},
   series =    {},
   edition =   {1st ed.},
   volume =    {},
}
@book{book:4,
   title =     {Mathematical Models in Population Biology and Epidemiology},
   author =    {Fred Brauer, Carlos Castillo-Chavez},
   publisher = {Springer-Verlag New York},
   year =      {2012},
   series =    {Texts in Applied Mathematics 40},
   edition =   {2},
   volume =    {},
}